% !TEX encoding = IsoLatin

% La bibliografia, da inserirsi solo se ci sono state citazioni.
% In questo caso ricordarsi che bisogna sempre elaborare due volte il file .TEX
% perché la prima volta viene generata la bibliografia mentre la seconda volta viene inclusa

% NOTA: citare il DOI non è obbligatorio ma MOLTO desiderabile
% NOTE: inserting the DOI is not compulsory bur STRONGLY recommended whenever it exists